1470 2443
121 76 171 116 72
381 78 457 118 DE
480 77 742 117 MORIBUS
770 78 1127 118 GERMANIAE.

117 198 193 236 que
230 185 509 236 substringere.
566 186 628 225 Sic
667 186 782 225 Suevi
819 200 841 224 a
882 186 1021 225 ceteris
1063 186 1292 226 Germanis:
1322 185 1378 226 sic

119 243 330 278 Suevorum
352 240 512 290 ingenui
532 254 554 278 a
573 241 692 279 servis
713 246 954 292 separantur.
1011 241 1064 279 In
1081 241 1166 280 aliis
1179 240 1378 292 gentibus,

118 306 186 331 seu
206 294 436 344 cognatione
457 294 582 346 aliqua
603 296 828 341 Suevorum,
849 308 917 332 seu
941 295 1061 345 (quod
1082 309 1195 347 saepe
1214 294 1373 344 accidit)

115 347 336 386 imitatione
367 362 494 386 rarum
523 353 563 386 et
593 349 699 386 intra
721 349 907 400 juventae
933 349 1124 399 spatium3
1152 348 1256 400 apud
1283 349 1378 387 Sue-

115 414 184 439 vos
205 415 327 452 usque
347 402 393 440 ad
414 402 595 440 canitiem
625 402 847 440 horrentem
874 402 1054 453 capillum
1075 409 1180 440 retro
1209 416 1377 454 sequun-

114 459 193 502 tur,
224 469 268 494 ac
299 469 412 507 saepe
440 456 478 493 in
513 457 598 508 ipso
624 456 705 494 solo
733 456 876 494 vertice
905 456 1092 506 religant:
1125 456 1317 508 principes
1336 459 1392 495 et*

115 509 348 548 ornatiorem
373 510 537 548 habent:
568 524 612 548 ea
631 524 724 548 cura
743 510 898 557 formae,
917 510 983 548 sed
999 511 1191 549 innoxiae.
1233 510 1377 562 Neque

116 562 219 601 enim
242 568 287 601 ut
314 571 447 601 ament
477 568 727 612 amenturve3
755 564 797 601 in
829 564 1075 602 altitudinem
1110 563 1303 616 quandam
1335 567 1377 603 et

114 620 304 655 terrorem
348 618 494 656 adituri
529 618 628 657 bella
659 618 817 669 compti,
857 622 903 656 ut
943 617 1114 656 hostium
1153 617 1288 666 oculis,
1317 631 1377 656 or-

112 676 272 710 nantur.

169 725 374 763 XXXIX.
422 725 724 764 Vetustissimos
745 739 785 763 se
803 724 1140 777 nobilissimosque
1161 725 1377 764 Suevorum

114 779 328 818 Semnones
367 783 595 818 memorant.
665 779 779 818 Fides
817 779 1065 831 antiquitatis
1096 779 1284 830 religione
1311 779 1374 818 fir-

113 838 256 871 matur.
315 834 427 871 Stato
466 838 640 885 tempore
676 833 718 871 in
756 833 901 880 silvam,
939 833 1111 884 auguriis
1140 839 1296 884 patrum
1334 836 1376 872 et

113 887 239 938 prisca
258 887 465 926 formidine
486 901 644 934 sacram,
665 901 798 926 omnes
825 887 997 939 ejusdem
1020 887 1221 938 sanguinis
1242 886 1376 939 populi

112 941 374 992 legationibus
407 945 561 988 coeunt,
595 955 782 992 caesoque
812 941 965 992 publice
992 941 1147 979 homine
1175 941 1376 980 celebrant

111 994 265 1033 barbari
304 996 403 1034 ritus
443 996 634 1033 horrenda
671 995 891 1047 primordia.
974 995 1048 1033 Est
1094 1001 1134 1033 et
1175 995 1250 1034 alia
1285 995 1374 1034 luco

111 1049 342 1087 reverentia.
410 1050 538 1088 Nemo
576 1049 652 1087 nisi
690 1049 843 1087 vinculo
881 1049 1025 1100 ligatus
1066 1049 1298 1100 ingreditur,
1326 1053 1374 1087 ut

112 1103 240 1141 minor
273 1108 313 1141 et
345 1108 580 1154 potestatem
614 1103 787 1141 numinis
821 1116 912 1154 prae
944 1116 984 1141 se
1013 1103 1166 1142 ferens:
1211 1103 1244 1141 si
1271 1103 1374 1142 forte

111 1157 317 1208 prolapsus
351 1162 423 1204 est,
461 1157 589 1195 attolli
627 1162 666 1195 et
703 1157 905 1207 insurgere
943 1157 1046 1195 haud
1082 1157 1257 1196 licitum:
1303 1170 1375 1209 per

111 1211 274 1249 humum
308 1211 562 1249 evolvuntur:
611 1224 732 1262 eoque
772 1210 898 1248 omnis
936 1211 1164 1262 superstitio
1201 1210 1373 1262 respicit,

109 1268 295 1316 tanquam
326 1265 418 1303 inde
447 1265 560 1303 initia
590 1265 730 1315 gentis,
761 1264 816 1303 ibi
845 1273 1030 1315 regnator
1057 1265 1231 1304 omnium
1264 1264 1373 1312 deus,

109 1323 240 1357 cetera
259 1319 435 1371 subjecta
453 1325 570 1370 atque
588 1319 776 1371 parentia.
831 1319 982 1371 Adjicit
1006 1319 1280 1358 auctoritatem
1296 1318 1374 1357 for-

109 1431 196 1466 head,
223 1432 280 1460 and
304 1432 364 1460 tied
392 1432 416 1461 it
438 1432 622 1462 underneath
652 1432 683 1461 in
704 1442 721 1461 a
759 1432 838 1461 from
866 1432 964 1462 which
993 1433 1043 1463 the
1066 1433 1224 1473 subjoined
1250 1432 1328 1463 head
1347 1433 1374 1462 is

110 1470 370 1538 {gipfiisgluvenal
399 1472 478 1509 (xiii.
509 1471 579 1509 164)
605 1471 721 1506 alludes
760 1471 859 1500 taken.

119 1589 138 1602 “
151 1586 280 1616 Caerula
325 1588 392 1625 quis
426 1589 541 1627 stupuit
577 1589 722 1618 Germani

188 1626 315 1661 lumina,
331 1627 438 1656 flavam

150 1665 331 1700 caesariem,
358 1671 389 1695 et
426 1666 544 1695 madido
583 1671 723 1705 torquen-

188 1711 250 1734 tem
265 1715 375 1733 cornua
389 1705 519 1734 ci1·1·ho.'’

148 1782 270 1819 rarum]
319 1782 398 1811 That
420 1782 455 1818 is,
477 1783 649 1822 ‘obliquare
668 1784 722 1812 cri-

110 1831 180 1850 nem
206 1832 304 1850 ratum
328 1821 399 1858 (est)
426 1828 455 1851 et
477 1823 556 1851 intra
579 1823 723 1861 juventae

110 1861 239 1899 spatium
257 1861 329 1898 (lieri
347 1860 459 1898 solet).'

148 1905 226 1928 retro
238 1900 405 1938 sequuntur]
448 1900 459 1928 l
477 1900 565 1929 think
585 1900 636 1929 the
651 1901 722 1929 sim-

109 1938 187 1977 plest
213 1948 277 1976 way
301 1944 331 1967 to
359 1945 496 1968 consti-ue
521 1940 603 1968 these
626 1940 722 1968 words

110 1979 136 2006 is
151 1984 181 2006 to
192 1977 259 2006 take
272 1981 278 1992 ‘
290 1977 460 2006 horrentem
476 1978 615 2016 capillum
627 1979 719 2007 retro'

109 2016 253 2055 together,
276 2018 282 2030 ‘
297 2017 346 2046 the
376 2016 442 2045 hair
465 2017 601 2055 liristling
621 2024 649 2046 at
670 2018 721 2046 the

109 2056 185 2084 back
231 2061 295 2094 part
349 2056 382 2083 of
421 2056 469 2085 the
504 2056 576 2085 head
588 2057 606 2091 ς’
648 2057 720 2085 then

108 2094 313 2131 ‘sequuntur‘
342 2095 367 2123 is
395 2096 478 2129 usn-d,
511 2105 542 2124 as
579 2096 601 2124 it
635 2095 660 2124 is
688 2096 719 2124 in

109 2144 132 2163 c.
169 2134 197 2170 5,
219 2137 394 2172 ‘argentum
425 2134 517 2172 magis
541 2157 548 2163 .
578 2157 584 2164 .
611 2156 618 2164 .
643 2157 650 2163 .
675 2144 720 2163 se-

109 2173 263 2211 quuntur.'

147 2212 176 2239 in
205 2212 266 2249 ipso
290 2211 350 2240 solo
371 2211 491 2249 vertice]
535 2211 632 2241 There
656 2212 679 2240 is
700 2222 718 2240 a

107 2250 221 2288 picture
249 2251 283 2279 of
302 2250 351 2279 the
379 2250 455 2288 style
479 2251 512 2279 of
530 2250 596 2280 hair
617 2256 718 2280 meant
759 2251 795 2279 In
820 2250 879 2280 this
898 2260 963 2280 case
993 2251 1044 2280 the
1070 2250 1136 2280 hair
1162 2250 1214 2280 did
1237 2254 1292 2280 not
1313 2249 1370 2280 fall

107 2290 141 2318 in
175 2289 336 2319 Fabretti‘s
369 2289 501 2318 Column
535 2291 568 2319 of
597 2290 716 2329 Trajan,
756 2290 832 2319 back
858 2296 890 2319 at
915 2289 967 2327 all,
998 2300 1029 2319 as
1056 2290 1088 2319 in
1115 2290 1166 2319 the
1200 2289 1277 2330 style
1303 2290 1367 2320 first
