1450 2443
441 68 772 109 AGRICOLAE
799 68 947 108 VITA.
1240 69 1318 108 147

62 178 385 231 expeditionibus,
435 180 497 216 tot
527 176 696 228 proeliis,
743 189 812 215 seu
857 176 1088 215 fortitudine
1135 175 1317 215 adversus

61 232 206 280 hostes,
245 247 315 272 seu
345 230 535 284 patientia
572 244 616 268 30
651 230 782 269 labore
818 244 941 282 paene
983 230 1166 268 adversus
1194 230 1317 281 ipsam

60 299 192 325 rerum
228 293 409 325 naturam
445 298 544 346 opus
580 284 670 331 fuit,
707 297 834 335 neque
870 298 932 322 me
978 284 1158 330 militum,
1191 297 1318 335 neque

60 353 130 379 vos
149 340 259 379 ducis
279 339 486 392 poenituit.
515 339 619 389 Ergo
640 338 796 389 egressi,
810 351 881 388 ego
894 342 1069 376 veterum
1088 338 1318 388 legatorum,

60 407 130 432 vos
147 395 321 446 priorum
349 394 589 432 exercituum
616 392 815 438 terminos,
834 393 951 430 finem
977 392 1217 438 Britanniae,
1237 405 1319 429 non

61 447 165 486 fama
201 462 274 487 nec
309 460 464 486 rumore
502 446 569 484 sed
602 446 739 484 castris
777 450 817 483 et
850 446 966 484 armis
1001 451 1193 484 tenemus.
1250 445 1318 483 In-

61 506 180 540 venta
198 502 415 548 Britannia,
435 505 476 539 et
495 500 667 538 subacta
723 499 914 550 Equidem
941 513 1054 551 saepe
1083 500 1123 537 in
1151 499 1317 550 agmine,

62 569 151 594 cum
170 570 238 594 vos
267 555 438 607 paludes,
458 557 658 592 montesve
685 557 725 591 et
752 554 913 591 flumina
940 554 1162 603 fatigarent,
1188 553 1320 591 fortis·

62 609 151 647 simi
179 610 366 662 cujusque
397 622 509 647 voces
535 607 761 646 audiebam.
794 607 960 656 Quando
993 607 1149 645 dabitur
1181 606 1318 654 hostis,

61 664 217 714 quando
245 664 377 702 acies?
431 662 610 700 Veniunt
630 675 650 699 e
676 661 835 699 latebris
855 661 935 699 suis
964 661 1136 699 extrusi:
1162 665 1202 698 et
1228 665 1320 699 vota

60 717 265 769 virtusque
301 718 342 755 in
379 721 525 768 aperto,
555 715 759 766 omniaque
787 728 910 766 prona
945 715 1168 760 victoribus,
1202 718 1320 765 atque

61 771 196 809 eadem
210 771 322 810 victis
342 770 511 809 adversa.
567 770 671 807 Nam
691 773 737 807 ut
758 783 960 829 superasse
979 773 1132 807 tantum
1153 768 1320 816 itineris,

64 825 179 864 silvas
198 825 375 872 evasisse,
395 823 583 862 transisse
607 823 811 868 aestuaria,
837 823 1042 874 pulchrum
1070 836 1113 860 30
1137 799 1320 860 (1000111111

61 878 104 916 111
132 879 324 926 frontem;
352 879 409 916 ita
437 877 680 928 fugientibus
714 877 1050 928 periculosissima,
1081 890 1179 927 quae
1206 876 1320 914 hodie

61 933 319 984 prosperrima
332 936 437 971 sunt.
493 931 633 982 Neque
653 930 756 968 enim
774 931 887 969 nobis
906 934 975 968 aut
993 930 1166 968 locorum
1187 930 1321 968 eadem

61 986 205 1026 notitia
234 991 303 1025 aut
328 990 613 1025 commeatuum
634 985 767 1022 eadem
793 984 1055 1023 abundantia:
1086 984 1153 1022 sed
1181 997 1319 1022 manus

62 1043 104 1078 et
123 1053 229 1079 arma
248 1044 288 1079 et
306 1040 347 1078 in
367 1040 426 1078 his
446 1039 586 1078 omnia.
616 1038 732 1087 Quod
751 1038 797 1076 ad
820 1053 880 1076 me
899 1039 1055 1085 attinet,
1069 1038 1150 1090 jam
1169 1038 1320 1089 pridem

61 1093 157 1132 mihi
190 1094 389 1133 decretum
422 1097 494 1141 est,
526 1106 653 1144 neque
690 1093 883 1130 exercitus
913 1105 1039 1143 neque
1070 1092 1178 1130 ducis
1207 1095 1320 1142 terga

61 1150 151 1186 tuta
170 1161 267 1186 esse.
324 1145 492 1186 P'roinde
512 1150 552 1184 et
572 1147 736 1184 honesta
764 1159 866 1184 mors
885 1147 993 1197 turpi
1016 1145 1096 1183 vita
1118 1145 1258 1197 potior,
1280 1149 1321 1183 et
1363 1186 1365 1188 ,

60 1201 310 1240 incolumitas
329 1215 372 1240 ac
393 1202 509 1239 decus
529 1201 664 1238 eodem
682 1200 766 1238 1000
787 1200 860 1238 sita
882 1206 999 1237 sunt:
1023 1213 1095 1238 nec
1110 1199 1321 1249 inglorium

61 1254 193 1302 fuerit,
213 1255 254 1293 in
273 1255 358 1306 ipso
378 1260 568 1293 terrarum
590 1267 634 1292 ac
653 1257 817 1292 naturae
837 1254 913 1292 fine
933 1253 1156 1292 cecidisse.”

115 1309 318 1348 XXXIV.
361 1309 440 1346 “Si
469 1321 590 1346 novae
621 1312 759 1358 gentes
790 1311 906 1359 atque
937 1307 1073 1358 ignota
1101 1307 1202 1345 acies
1231 1320 1321 1345 0011-

63 1362 259 1410 stitisset3
305 1363 467 1401 aliorum
506 1361 747 1400 exercituum
789 1361 974 1413 exemplis
1011 1374 1078 1399 vos
1121 1361 1320 1399 hortarer:

61 1429 169 1456 nunc
196 1421 325 1456 vestra
345 1417 483 1455 decora
508 1419 720 1462 recensete,
740 1421 890 1454 vestros
911 1415 1042 1453 oculos
1067 1415 1319 1465 interrogate.

61 1470 100 1509 Ii
119 1474 225 1518 sunt,
252 1484 348 1523 quos
372 1470 546 1522 proximo
566 1483 681 1518 anno,
700 1483 819 1508 unam
838 1469 1030 1520 legionem
1057 1469 1164 1507 furto
1191 1468 1320 1507 noctis

711 1584 822 1621 resting
848 1594 886 1612 on
908 1593 990 1612 some
1016 1584 1201 1612 foundation.
1253 1582 1286 1611 If
1304 1593 1322 1612 a

712 1633 780 1651 man
802 1623 900 1652 learns
915 1633 973 1661 any
989 1622 1074 1660 thing
1094 1624 1133 1660 by
1157 1622 1273 1656 ‘fame,'
1292 1622 1320 1651 it

711 1662 781 1691 does
808 1667 861 1691 not
888 1662 920 1690 of
944 1662 1090 1700 necessity
1117 1661 1210 1699 imply
1237 1671 1321 1690 more

63 1585 109 1615 As
129 1584 180 1614 the
201 1584 347 1624 Emperor
358 1594 418 1614 was
437 1583 672 1613 Generalissimo

63 1625 99 1654 of
126 1623 178 1653 the
210 1624 328 1659 Forces,
361 1623 402 1652 all
430 1624 568 1652 victories
596 1633 672 1652 were

61 1663 194 1693 ascribed
205 1667 234 1692 to
243 1663 289 1692 his
298 1664 438 1701 auspices,
447 1663 505 1691 and
515 1662 565 1690 the
575 1661 672 1691 actual

63 1702 256 1732 commander
280 1702 421 1740 regarded
451 1712 482 1730 as
516 1701 562 1729 his
596 1700 672 1730 lieu-

63 1746 167 1770 tenant
192 1740 276 1779 only.
313 1727 354 1770 111
382 1741 420 1770 A.
449 1741 482 1769 ii.
511 1739 556 1776 18,
583 1740 671 1769 when

63 1781 261 1809 Germanicus
275 1790 404 1818 conque1
405 1781 441 1808 ed
452 1780 503 1808 the
514 1779 670 1815 Germans,

62 1819 90 1848 it
102 1829 161 1848 was
175 1825 227 1848 not
242 1819 288 1853 he,
304 1820 357 1847 but
373 1819 519 1853 Tiberius,
534 1818 600 1846 who
614 1828 672 1847 was

63 1857 179 1887 saluted
213 1857 386 1896 Imperator,
427 1859 459 1886 in
495 1857 671 1886 accordance

63 1896 136 1926 with
166 1896 217 1926 the
250 1897 301 1926 old
334 1897 505 1925 distinction
539 1897 671 1925 between

63 1935 191 1974 fighting
209 1936 322 1965 ‘ductu
342 1945 394 1965 5110
409 1935 416 1947 '
439 1935 497 1964 and
517 1937 524 1950 ‘
537 1936 674 1973 auspiciis

64 1959 212 2013 alicujus?

103 2023 160 2042 non
185 2012 278 2051 fama
308 2023 359 2042 nee
389 2011 524 2051 rumore]
577 2012 673 2041 These

66 2053 162 2081 words
189 2052 276 2080 differ
302 2053 334 2081 in
361 2052 422 2081 t'nis
455 2056 578 2090 respect,
609 2051 673 2080 that

65 2090 204 2120 ‘rumor'
233 2091 258 2119 is
285 2101 303 2119 3
327 2101 420 2129 vague
447 2091 538 2129 flying
564 2095 671 2128 report,

63 2130 178 2168 resting
200 2139 237 2158 on
259 2139 299 2158 no
317 2131 469 2159 authentic
490 2130 576 2158 basis.
620 2129 672 2158 Ci-

65 2179 132 2198 cero
153 2168 205 2205 (ad
227 2168 335 2197 Famil.
350 2169 403 2198 xii.
421 2168 471 2206 10)
494 2179 568 2206 says,
590 2168 670 2198 “De

64 2206 226 2237 Dolabella
261 2208 392 2245 quotidie
423 2218 498 2246 quae
530 2207 671 2236 volumus

62 2247 212 2282 audimus,
249 2247 300 2275 sed
333 2246 430 2275 adhuc
467 2247 530 2275 sine
564 2247 668 2283 capite,

62 2295 183 2316 rumore
193 2285 331 2316 nuntio.”
365 2287 373 2300 ‘
386 2285 494 2314 Fama'
509 2286 534 2317 is
544 2295 561 2314 a
571 2290 670 2324 report

712 1701 781 1730 than
798 1701 862 1729 that
875 1701 913 1729 he
924 1711 982 1729 was
993 1707 1045 1729 not
1059 1711 1097 1729 an
1112 1701 1319 1738 eye-witness;

710 1741 737 1768 if
749 1741 787 1777 by
803 1742 810 1754 ‘
821 1750 952 1775 rumour,
955 1740 962 1749 ⁵
978 1740 1043 1768 that
1058 1739 1140 1768 there
1156 1740 1181 1768 is
1194 1749 1211 1767 a
1225 1749 1318 1777 vague

710 1784 807 1817 report
821 1780 853 1807 in
868 1780 1018 1808 existence
1033 1780 1122 1807 about
1136 1779 1172 1807 it.

750 1819 895 1856 virtusque
928 1819 959 1846 in
999 1819 1116 1862 aperto]
1185 1816 1242 1846 See
1269 1816 1320 1847 the

710 1862 780 1886 note
795 1867 833 1885 on
848 1857 908 1886 this
921 1857 1024 1901 phrase
1039 1858 1069 1885 111
1083 1867 1107 1885 0.
1126 1856 1150 1885 1.

749 1896 884 1924 decorum
919 1897 951 1924 in
975 1895 1121 1933 frontem]

713 1935 738 1963 is
772 1935 843 1964 used
879 1934 950 1963 here
989 1935 1035 1963 for
1074 1945 1112 1963 an
1156 1935 1320 1972 advancing

713 1984 806 2012 army,
821 1984 852 2002 as
877 1976 977 2011 ‘terga
997 1974 1163 2002 exercitus'
1180 1983 1280 2002 means
1302 1983 1319 2002 a

712 2013 873 2050 retreating
904 2013 993 2048 force,
1014 2013 1077 2051 just
1108 2012 1211 2042 below
1274 2012 1318 2041 To

713 2062 776 2080 cros
778 2061 791 2080 s
812 2053 914 2086 rivers,
939 2053 1002 2085 &c.‚
1030 2052 1054 2080 is
1074 2061 1091 2079 a
1113 2051 1244 2089 glorious
1268 2061 1321 2079 ex-

711 2090 795 2128 ploit,
823 2101 855 2119 so
881 2090 952 2123 lona
974 2101 1005 2119 as
1033 2090 1082 2119 the
1109 2100 1193 2127 army
1229 2090 1318 2127 keeps

711 2101 883 2165 advaiicinfr.
940 2129 971 2157 If
990 2130 1014 2157 it
1043 2128 1095 2158 sall
1119 2130 1202 2163 back,
1235 2128 1318 2158 these

710 2169 800 2197 rivers
811 2163 867 2197 add
884 2174 913 2196 to
928 2168 978 2197 the
993 2167 1139 2206 difficulty
1153 2168 1318 2206 ofmaking

709 2208 784 2245 good
800 2209 836 2235 its
851 2213 967 2236 retreat.

748 2245 1004 2284 XXXIV.furto
1017 2245 1118 2284 noetis]
1153 2245 1251 2284 virgil
1264 2245 1318 2275 has

710 2284 830 2315 ‘fraude
853 2285 969 2314 noctis*
989 2285 1022 2314 in
1043 2286 1095 2315 the
1112 2295 1191 2315 same
1212 2295 1313 2324 sense;

1183 1896 1190 1910 ‘
1203 1895 1301 1924 Frons
1311 1895 1320 1908 '

645 2326 721 2363 122
