<?xml version="1.0" encoding="UTF-8"?>
<!DOCTYPE html PUBLIC "-//W3C//DTD XHTML 1.0 Transitional//EN"
    "http://www.w3.org/TR/xhtml1/DTD/xhtml1-transitional.dtd">
<html xmlns="http://www.w3.org/1999/xhtml" xml:lang="en" lang="en">
 <head>
  <title>
</title>
<meta http-equiv="Content-Type" content="text/html;charset=utf-8" />
  <meta name='ocr-system' content='tesseract 3.04.00' />
  <meta name='ocr-capabilities' content='ocr_page ocr_carea ocr_par ocr_line ocrx_word'/>
</head>
<body>
  <div class='ocr_page' id='page_1' title='image "./germaniaagricol00taciuoft_0107.png"; bbox 0 0 1450 2443; ppageno 0'>
   <div class='ocr_carea' id='block_1_1' title="bbox 445 52 1291 96">
    <p class='ocr_par' dir='ltr' id='par_1_1' title="bbox 445 52 1291 96">
     <span class='ocr_line' id='line_1_1' title="bbox 445 52 1291 96; baseline 0.006 -5"><span class='ocrx_word' id='word_1_1' title='bbox 445 52 898 92; x_wconf 86' lang='lat' dir='ltr'><strong>INTRODUCTION.</strong></span> <span class='ocrx_word' id='word_1_2' title='bbox 1240 58 1291 96; x_wconf 81' lang='lat'><strong>93</strong></span> 
     </span>
    </p>
   </div>
   <div class='ocr_carea' id='block_1_2' title="bbox 1284 444 1288 599">
    <p class='ocr_par' dir='ltr' id='par_1_2' title="bbox 1284 444 1288 599">
     <span class='ocr_line' id='line_1_2' title="bbox 1284 444 1288 599; baseline 0 1844"><span class='ocrx_word' id='word_1_3' title='bbox 1284 444 1288 599; x_wconf 95' lang='lat' dir='ltr'><strong> </strong></span> 
     </span>
    </p>
   </div>
   <div class='ocr_carea' id='block_1_3' title="bbox 1288 942 1294 1636">
    <p class='ocr_par' dir='ltr' id='par_1_3' title="bbox 1288 942 1294 1636">
     <span class='ocr_line' id='line_1_3' title="bbox 1288 942 1294 1636; baseline 0 0"><span class='ocrx_word' id='word_1_4' title='bbox 1288 942 1294 1636; x_wconf 95' lang='lat' dir='ltr'><strong> </strong></span> 
     </span>
    </p>
   </div>
   <div class='ocr_carea' id='block_1_4' title="bbox 1288 942 1296 2018">
    <p class='ocr_par' dir='ltr' id='par_1_4' title="bbox 1288 942 1296 2018">
     <span class='ocr_line' id='line_1_4' title="bbox 1288 942 1296 2018; baseline 0 0"><span class='ocrx_word' id='word_1_5' title='bbox 1288 942 1296 2018; x_wconf 95' lang='lat' dir='ltr'><strong> </strong></span> 
     </span>
    </p>
   </div>
   <div class='ocr_carea' id='block_1_5' title="bbox 64 180 1294 2154">
    <p class='ocr_par' dir='ltr' id='par_1_5' title="bbox 64 180 1294 2154">
     <span class='ocr_line' id='line_1_5' title="bbox 65 180 1287 238; baseline 0.003 -20"><span class='ocrx_word' id='word_1_6' title='bbox 65 194 98 219; x_wconf 92' lang='lat' dir='ltr'><strong>c.</strong></span> <span class='ocrx_word' id='word_1_7' title='bbox 116 195 170 219; x_wconf 90' lang='lat' dir='ltr'><strong>IX.</strong></span> <span class='ocrx_word' id='word_1_8' title='bbox 310 184 557 229; x_wconf 84' lang='lat' dir='ltr'><strong>Integritatem</strong></span> <span class='ocrx_word' id='word_1_9' title='bbox 570 211 577 218; x_wconf 92' lang='lat'><strong>.</strong></span> <span class='ocrx_word' id='word_1_10' title='bbox 593 211 600 218; x_wconf 94' lang='lat'><strong>.</strong></span> <span class='ocrx_word' id='word_1_11' title='bbox 616 211 623 218; x_wconf 93' lang='lat'><strong>.</strong></span> <span class='ocrx_word' id='word_1_12' title='bbox 637 184 689 218; x_wconf 89' lang='lat' dir='ltr'><strong>fu—</strong></span> <span class='ocrx_word' id='word_1_13' title='bbox 741 195 774 219; x_wconf 84' lang='lat' dir='ltr'><strong>R.</strong></span> <span class='ocrx_word' id='word_1_14' title='bbox 833 186 942 220; x_wconf 82' lang='lat' dir='ltr'><strong>These</strong></span> <span class='ocrx_word' id='word_1_15' title='bbox 960 188 1099 222; x_wconf 87' lang='lat' dir='ltr'><strong>words</strong></span> <span class='ocrx_word' id='word_1_16' title='bbox 1091 201 1128 222; x_wconf 86' lang='lat'><strong>111</strong></span> <span class='ocrx_word' id='word_1_17' title='bbox 1148 187 1266 222; x_wconf 81' lang='lat' dir='ltr'><strong>brack-</strong></span> <span class='ocrx_word' id='word_1_18' title='bbox 1284 180 1287 238; x_wconf 96' lang='lat'><em>⁴</em></span> 
     </span>
     <span class='ocr_line' id='line_1_6' title="bbox 380 231 964 267; baseline 0 -2"><span class='ocrx_word' id='word_1_19' title='bbox 380 231 447 265; x_wconf 76' lang='lat' dir='ltr'><strong>erit</strong></span> <span class='ocrx_word' id='word_1_20' title='bbox 903 236 964 267; x_wconf 80' lang='lat' dir='ltr'><strong>ets.</strong></span> 
     </span>
     <span class='ocr_line' id='line_1_7' title="bbox 65 244 1288 351; baseline 0.002 -39"><span class='ocrx_word' id='word_1_21' title='bbox 65 287 97 312; x_wconf 91' lang='lat' dir='ltr'><strong>c.</strong></span> <span class='ocrx_word' id='word_1_22' title='bbox 115 287 169 312; x_wconf 92' lang='lat' dir='ltr'><strong>XI.</strong></span> <span class='ocrx_word' id='word_1_23' title='bbox 311 277 430 312; x_wconf 84' lang='lat' dir='ltr'><strong>Iberos</strong></span> <span class='ocrx_word' id='word_1_24' title='bbox 741 289 773 313; x_wconf 82' lang='lat' dir='ltr'><strong>R.</strong></span> <span class='ocrx_word' id='word_1_25' title='bbox 834 279 945 314; x_wconf 79' lang='lat' dir='ltr'><strong>H1be1</strong></span> <span class='ocrx_word' id='word_1_26' title='bbox 947 293 983 314; x_wconf 71' lang='lat' dir='ltr'><strong>os</strong></span> <span class='ocrx_word' id='word_1_27' title='bbox 1284 244 1288 351; x_wconf 97' lang='lat'><em>⁴</em></span> 
     </span>
     <span class='ocr_line' id='line_1_8' title="bbox 64 325 986 378; baseline 0 -18"><span class='ocrx_word' id='word_1_28' title='bbox 64 335 96 360; x_wconf 91' lang='lat' dir='ltr'><strong>c.</strong></span> <span class='ocrx_word' id='word_1_29' title='bbox 115 335 186 360; x_wconf 89' lang='lat' dir='ltr'><strong>XII.</strong></span> <span class='ocrx_word' id='word_1_30' title='bbox 310 325 492 378; x_wconf 80' lang='lat' dir='ltr'><strong>tribusque</strong></span> <span class='ocrx_word' id='word_1_31' title='bbox 740 336 773 359; x_wconf 80' lang='lat' dir='ltr'><strong>R.</strong></span> <span class='ocrx_word' id='word_1_32' title='bbox 831 326 986 361; x_wconf 79' lang='lat' dir='ltr'><strong>tribusve</strong></span> 
     </span>
     <span class='ocr_line' id='line_1_9' title="bbox 310 357 1287 438; baseline 0.002 -32"><span class='ocrx_word' id='word_1_33' title='bbox 310 372 362 406; x_wconf 80' lang='lat' dir='ltr'><strong>ita</strong></span> <span class='ocrx_word' id='word_1_34' title='bbox 377 372 461 406; x_wconf 85' lang='lat' dir='ltr'><strong>dum</strong></span> <span class='ocrx_word' id='word_1_35' title='bbox 479 371 611 416; x_wconf 78' lang='lat' dir='ltr'><strong>singuli</strong></span> <span class='ocrx_word' id='word_1_36' title='bbox 739 383 772 406; x_wconf 86' lang='lat' dir='ltr'><strong>R.</strong></span> <span class='ocrx_word' id='word_1_37' title='bbox 832 373 882 407; x_wconf 85' lang='lat' dir='ltr'><strong>ita</strong></span> <span class='ocrx_word' id='word_1_38' title='bbox 899 373 1030 419; x_wconf 83' lang='lat' dir='ltr'><strong>singuli</strong></span> <span class='ocrx_word' id='word_1_39' title='bbox 1284 357 1287 438; x_wconf 91' lang='lat'><em>⁴</em></span> 
     </span>
     <span class='ocr_line' id='line_1_10' title="bbox 310 419 1287 466; baseline 0.004 -14"><span class='ocrx_word' id='word_1_40' title='bbox 310 422 418 459; x_wconf 87' lang='lat' dir='ltr'><strong>sueta,</strong></span> <span class='ocrx_word' id='word_1_41' title='bbox 436 419 572 464; x_wconf 86' lang='lat' dir='ltr'><strong>patiens</strong></span> <span class='ocrx_word' id='word_1_42' title='bbox 740 430 772 453; x_wconf 78' lang='lat' dir='ltr'><strong>R.</strong></span> <span class='ocrx_word' id='word_1_43' title='bbox 832 424 939 460; x_wconf 83' lang='lat' dir='ltr'><strong>sueta,</strong></span> <span class='ocrx_word' id='word_1_44' title='bbox 957 421 1119 455; x_wconf 85' lang='lat' dir='ltr'><strong>arborum</strong></span> <span class='ocrx_word' id='word_1_45' title='bbox 1136 421 1287 466; x_wconf 84' lang='lat' dir='ltr'><strong>patiens</strong></span> 
     </span>
     <span class='ocr_line' id='line_1_11' title="bbox 65 465 1170 510; baseline 0.002 -10"><span class='ocrx_word' id='word_1_46' title='bbox 65 474 97 499; x_wconf 90' lang='lat' dir='ltr'><strong>c.</strong></span> <span class='ocrx_word' id='word_1_47' title='bbox 116 476 196 500; x_wconf 88' lang='lat' dir='ltr'><strong>XIV.</strong></span> <span class='ocrx_word' id='word_1_48' title='bbox 309 465 481 500; x_wconf 81' lang='lat' dir='ltr'><strong>Veranius</strong></span> <span class='ocrx_word' id='word_1_49' title='bbox 739 477 772 500; x_wconf 84' lang='lat' dir='ltr'><strong>R.</strong></span> <span class='ocrx_word' id='word_1_50' title='bbox 832 467 983 510; x_wconf 82' lang='lat' dir='ltr'><strong>Quintus</strong></span> <span class='ocrx_word' id='word_1_51' title='bbox 1002 468 1170 502; x_wconf 83' lang='lat' dir='ltr'><strong>Veranius</strong></span> 
     </span>
     <span class='ocr_line' id='line_1_12' title="bbox 66 513 1168 549; baseline 0.002 -2"><span class='ocrx_word' id='word_1_52' title='bbox 66 522 97 547; x_wconf 93' lang='lat' dir='ltr'><strong>c.</strong></span> <span class='ocrx_word' id='word_1_53' title='bbox 116 523 179 547; x_wconf 87' lang='lat' dir='ltr'><strong>XV.</strong></span> <span class='ocrx_word' id='word_1_54' title='bbox 310 513 453 547; x_wconf 86' lang='lat' dir='ltr'><strong>alterius</strong></span> <span class='ocrx_word' id='word_1_55' title='bbox 470 525 594 546; x_wconf 85' lang='lat' dir='ltr'><strong>manus</strong></span> <span class='ocrx_word' id='word_1_56' title='bbox 612 524 687 547; x_wconf 84' lang='lat' dir='ltr'><strong>een·</strong></span> <span class='ocrx_word' id='word_1_57' title='bbox 739 524 772 547; x_wconf 84' lang='lat' dir='ltr'><strong>R.</strong></span> <span class='ocrx_word' id='word_1_58' title='bbox 833 518 840 531; x_wconf 96' lang='lat'>‘</span> <span class='ocrx_word' id='word_1_59' title='bbox 852 514 995 548; x_wconf 82' lang='lat' dir='ltr'><strong>manus&#39;</strong></span> <span class='ocrx_word' id='word_1_60' title='bbox 1013 515 1168 549; x_wconf 78' lang='lat' dir='ltr'><strong>omitted.</strong></span> 
     </span>
     <span class='ocr_line' id='line_1_13' title="bbox 378 559 533 594; baseline -0.006 0"><span class='ocrx_word' id='word_1_61' title='bbox 378 559 533 594; x_wconf 75' lang='lat' dir='ltr'><strong>tux-iones</strong></span> 
     </span>
     <span class='ocr_line' id='line_1_14' title="bbox 309 606 1000 642; baseline 0.003 -2"><span class='ocrx_word' id='word_1_62' title='bbox 309 606 460 641; x_wconf 86' lang='lat' dir='ltr'><strong>virtutes</strong></span> <span class='ocrx_word' id='word_1_63' title='bbox 739 617 772 641; x_wconf 83' lang='lat' dir='ltr'><strong>R.</strong></span> <span class='ocrx_word' id='word_1_64' title='bbox 833 607 1000 642; x_wconf 85' lang='lat' dir='ltr'><strong>virtutem</strong></span> 
     </span>
     <span class='ocr_line' id='line_1_15' title="bbox 66 652 1278 690; baseline 0.001 -2"><span class='ocrx_word' id='word_1_65' title='bbox 66 664 97 688; x_wconf 90' lang='lat' dir='ltr'><strong>c.</strong></span> <span class='ocrx_word' id='word_1_66' title='bbox 116 664 214 688; x_wconf 90' lang='lat' dir='ltr'><strong>XVII.</strong></span> <span class='ocrx_word' id='word_1_67' title='bbox 309 657 344 688; x_wconf 84' lang='lat' dir='ltr'><strong>et</strong></span> <span class='ocrx_word' id='word_1_68' title='bbox 368 666 446 688; x_wconf 88' lang='lat' dir='ltr'><strong>cum</strong></span> <span class='ocrx_word' id='word_1_69' title='bbox 464 652 607 687; x_wconf 84' lang='lat' dir='ltr'><strong>Cerialis</strong></span> <span class='ocrx_word' id='word_1_70' title='bbox 626 679 632 687; x_wconf 95' lang='lat'><strong>.</strong></span> <span class='ocrx_word' id='word_1_71' title='bbox 652 679 660 687; x_wconf 95' lang='lat'><strong>.</strong></span> <span class='ocrx_word' id='word_1_72' title='bbox 739 665 772 688; x_wconf 78' lang='lat' dir='ltr'><strong>R.</strong></span> <span class='ocrx_word' id='word_1_73' title='bbox 833 658 866 689; x_wconf 85' lang='lat' dir='ltr'><strong>et</strong></span> <span class='ocrx_word' id='word_1_74' title='bbox 879 655 1028 689; x_wconf 83' lang='lat' dir='ltr'><strong>Cerealis</strong></span> <span class='ocrx_word' id='word_1_75' title='bbox 1042 654 1214 690; x_wconf 83' lang='lat' dir='ltr'><strong>obruisset</strong></span> <span class='ocrx_word' id='word_1_76' title='bbox 1225 655 1278 678; x_wconf 44' lang='grc' dir='ltr'><strong>ἠὲ*</strong></span> 
     </span>
     <span class='ocr_line' id='line_1_16' title="bbox 379 702 1217 747; baseline 0.002 -13"><span class='ocrx_word' id='word_1_77' title='bbox 379 712 514 746; x_wconf 85' lang='lat' dir='ltr'><strong>quoque</strong></span> <span class='ocrx_word' id='word_1_78' title='bbox 902 702 1138 747; x_wconf 81' lang='lat' dir='ltr'><strong>sustinuitque</strong></span> <span class='ocrx_word' id='word_1_79' title='bbox 1156 729 1163 736; x_wconf 94' lang='lat'><strong>.</strong></span> <span class='ocrx_word' id='word_1_80' title='bbox 1183 729 1190 736; x_wconf 97' lang='lat'><strong>.</strong></span> <span class='ocrx_word' id='word_1_81' title='bbox 1210 729 1217 736; x_wconf 95' lang='lat'><strong>.</strong></span> 
     </span>
     <span class='ocr_line' id='line_1_17' title="bbox 67 746 1001 783; baseline 0 -1"><span class='ocrx_word' id='word_1_82' title='bbox 67 758 98 782; x_wconf 91' lang='lat' dir='ltr'><strong>c.</strong></span> <span class='ocrx_word' id='word_1_83' title='bbox 118 758 200 782; x_wconf 89' lang='lat' dir='ltr'><strong>XIX.</strong></span> <span class='ocrx_word' id='word_1_84' title='bbox 308 746 427 781; x_wconf 86' lang='lat' dir='ltr'><strong>ludere</strong></span> <span class='ocrx_word' id='word_1_85' title='bbox 739 759 772 782; x_wconf 84' lang='lat' dir='ltr'><strong>R.</strong></span> <span class='ocrx_word' id='word_1_86' title='bbox 831 748 1001 783; x_wconf 75' lang='lat' dir='ltr'><strong>colludere</strong></span> 
     </span>
     <span class='ocr_line' id='line_1_18' title="bbox 309 793 1176 840; baseline 0.002 -13"><span class='ocrx_word' id='word_1_87' title='bbox 309 807 330 828; x_wconf 91' lang='lat' dir='ltr'><strong>a</strong></span> <span class='ocrx_word' id='word_1_88' title='bbox 346 793 513 839; x_wconf 83' lang='lat' dir='ltr'><strong>proximis</strong></span> <span class='ocrx_word' id='word_1_89' title='bbox 526 793 683 828; x_wconf 84' lang='lat' dir='ltr'><strong>hibernis</strong></span> <span class='ocrx_word' id='word_1_90' title='bbox 738 806 772 829; x_wconf 80' lang='lat' dir='ltr'><strong>R.</strong></span> <span class='ocrx_word' id='word_1_91' title='bbox 830 795 1005 840; x_wconf 78' lang='lat' dir='ltr'><strong>proximae</strong></span> <span class='ocrx_word' id='word_1_92' title='bbox 1021 795 1176 830; x_wconf 85' lang='lat' dir='ltr'><strong>hibernis</strong></span> 
     </span>
     <span class='ocr_line' id='line_1_19' title="bbox 67 841 1018 876; baseline 0 0"><span class='ocrx_word' id='word_1_93' title='bbox 67 852 98 876; x_wconf 92' lang='lat' dir='ltr'><strong>c.</strong></span> <span class='ocrx_word' id='word_1_94' title='bbox 118 852 182 876; x_wconf 87' lang='lat' dir='ltr'><strong>XX.</strong></span> <span class='ocrx_word' id='word_1_95' title='bbox 309 841 535 875; x_wconf 74' lang='lat' dir='ltr'><strong>intolerantia</strong></span> <span class='ocrx_word' id='word_1_96' title='bbox 739 853 772 876; x_wconf 83' lang='lat' dir='ltr'><strong>R.</strong></span> <span class='ocrx_word' id='word_1_97' title='bbox 832 842 1018 876; x_wconf 81' lang='lat' dir='ltr'><strong>tolerantia</strong></span> 
     </span>
     <span class='ocr_line' id='line_1_20' title="bbox 309 888 1195 934; baseline 0.001 -12"><span class='ocrx_word' id='word_1_98' title='bbox 309 900 457 933; x_wconf 83' lang='lat' dir='ltr'><strong>curaque</strong></span> <span class='ocrx_word' id='word_1_99' title='bbox 474 890 514 921; x_wconf 90' lang='lat' dir='ltr'><strong>ut</strong></span> <span class='ocrx_word' id='word_1_100' title='bbox 740 900 772 923; x_wconf 84' lang='lat' dir='ltr'><strong>R.</strong></span> <span class='ocrx_word' id='word_1_101' title='bbox 832 902 980 934; x_wconf 82' lang='lat' dir='ltr'><strong>curaque</strong></span> <span class='ocrx_word' id='word_1_102' title='bbox 999 888 1137 923; x_wconf 83' lang='lat' dir='ltr'><strong>habitae</strong></span> <span class='ocrx_word' id='word_1_103' title='bbox 1154 891 1195 923; x_wconf 87' lang='lat' dir='ltr'><strong>ut</strong></span> 
     </span>
     <span class='ocr_line' id='line_1_21' title="bbox 67 934 1121 970; baseline 0 0"><span class='ocrx_word' id='word_1_104' title='bbox 67 946 98 970; x_wconf 90' lang='lat' dir='ltr'><strong>c.</strong></span> <span class='ocrx_word' id='word_1_105' title='bbox 117 946 208 970; x_wconf 89' lang='lat' dir='ltr'><strong>XXV.</strong></span> <span class='ocrx_word' id='word_1_106' title='bbox 310 935 448 969; x_wconf 86' lang='lat' dir='ltr'><strong>hostilis</strong></span> <span class='ocrx_word' id='word_1_107' title='bbox 466 934 636 969; x_wconf 81' lang='lat' dir='ltr'><strong>exercitus</strong></span> <span class='ocrx_word' id='word_1_108' title='bbox 739 947 772 970; x_wconf 79' lang='lat' dir='ltr'><strong>R.</strong></span> <span class='ocrx_word' id='word_1_109' title='bbox 832 936 952 970; x_wconf 83' lang='lat' dir='ltr'><strong>hostili</strong></span> <span class='ocrx_word' id='word_1_110' title='bbox 969 936 1121 970; x_wconf 85' lang='lat' dir='ltr'><strong>exercitu</strong></span> 
     </span>
     <span class='ocr_line' id='line_1_22' title="bbox 309 979 1289 1028; baseline 0.001 -13"><span class='ocrx_word' id='word_1_111' title='bbox 309 994 511 1028; x_wconf 84' lang='lat' dir='ltr'><strong>oppugnare</strong></span> <span class='ocrx_word' id='word_1_112' title='bbox 528 981 621 1016; x_wconf 80' lang='lat' dir='ltr'><strong>ultro</strong></span> <span class='ocrx_word' id='word_1_113' title='bbox 740 994 773 1017; x_wconf 75' lang='lat' dir='ltr'><strong>R.</strong></span> <span class='ocrx_word' id='word_1_114' title='bbox 834 987 1071 1028; x_wconf 81' lang='lat' dir='ltr'><strong>‘oppugnasse</strong></span> <span class='ocrx_word' id='word_1_115' title='bbox 1095 982 1207 1017; x_wconf 81' lang='lat' dir='ltr'><strong>ultro&#39;</strong></span> <span class='ocrx_word' id='word_1_116' title='bbox 1231 979 1289 1016; x_wconf 89' lang='lat' dir='ltr'><strong>in</strong></span> 
     </span>
     <span class='ocr_line' id='line_1_23' title="bbox 903 1030 1070 1064; baseline 0.006 -1"><span class='ocrx_word' id='word_1_117' title='bbox 903 1030 1070 1064; x_wconf 70' lang='lat' dir='ltr'><strong>brackets.</strong></span> 
     </span>
     <span class='ocr_line' id='line_1_24' title="bbox 67 1075 987 1122; baseline -0.001 -11"><span class='ocrx_word' id='word_1_118' title='bbox 67 1086 98 1111; x_wconf 92' lang='lat' dir='ltr'><strong>c.</strong></span> <span class='ocrx_word' id='word_1_119' title='bbox 117 1087 242 1111; x_wconf 84' lang='lat' dir='ltr'><strong>xxvn.</strong></span> <span class='ocrx_word' id='word_1_120' title='bbox 309 1075 379 1110; x_wconf 86' lang='lat' dir='ltr'><strong>rati</strong></span> <span class='ocrx_word' id='word_1_121' title='bbox 741 1087 774 1111; x_wconf 80' lang='lat' dir='ltr'><strong>R.</strong></span> <span class='ocrx_word' id='word_1_122' title='bbox 833 1077 987 1122; x_wconf 72' lang='lat' dir='ltr'><strong>superati</strong></span> 
     </span>
     <span class='ocr_line' id='line_1_25' title="bbox 67 1121 1261 1169; baseline -0.002 -11"><span class='ocrx_word' id='word_1_123' title='bbox 67 1134 98 1158; x_wconf 90' lang='lat' dir='ltr'><strong>c.</strong></span> <span class='ocrx_word' id='word_1_124' title='bbox 117 1134 259 1158; x_wconf 91' lang='lat' dir='ltr'><strong>XXVIII.</strong></span> <span class='ocrx_word' id='word_1_125' title='bbox 309 1123 374 1157; x_wconf 87' lang='grc'><strong>1130</strong></span> <span class='ocrx_word' id='word_1_126' title='bbox 390 1125 494 1168; x_wconf 89' lang='lat' dir='ltr'><strong>atque</strong></span> <span class='ocrx_word' id='word_1_127' title='bbox 510 1122 589 1156; x_wconf 83' lang='lat' dir='ltr'><strong>illac</strong></span> <span class='ocrx_word' id='word_1_128' title='bbox 602 1121 693 1168; x_wconf 81' lang='lat' dir='ltr'><strong>rapti</strong></span> <span class='ocrx_word' id='word_1_129' title='bbox 740 1134 773 1158; x_wconf 82' lang='lat' dir='ltr'><strong>R.</strong></span> <span class='ocrx_word' id='word_1_130' title='bbox 833 1123 876 1158; x_wconf 90' lang='lat' dir='ltr'><strong>ob</strong></span> <span class='ocrx_word' id='word_1_131' title='bbox 893 1136 1018 1169; x_wconf 84' lang='lat' dir='ltr'><strong>aquam</strong></span> <span class='ocrx_word' id='word_1_132' title='bbox 1040 1125 1142 1168; x_wconf 88' lang='lat' dir='ltr'><strong>atque</strong></span> <span class='ocrx_word' id='word_1_133' title='bbox 1162 1125 1261 1157; x_wconf 81' lang='lat' dir='ltr'><strong>uten-</strong></span> 
     </span>
     <span class='ocr_line' id='line_1_26' title="bbox 357 1170 1145 1223; baseline -0.003 -18"><span class='ocrx_word' id='word_1_134' title='bbox 357 1182 367 1190; x_wconf 88' lang='grc'><em>·</em></span> <span class='ocrx_word' id='word_1_135' title='bbox 903 1171 981 1204; x_wconf 84' lang='lat' dir='ltr'><strong>silia</strong></span> <span class='ocrx_word' id='word_1_136' title='bbox 997 1183 1095 1223; x_wconf 42' lang='lat' dir='ltr'><strong>sepa-,1</strong></span> <span class='ocrx_word' id='word_1_137' title='bbox 1097 1170 1145 1204; x_wconf 86' lang='lat' dir='ltr'><strong>ati</strong></span> 
     </span>
     <span class='ocr_line' id='line_1_27' title="bbox 68 1211 1290 1262; baseline -0.002 -10"><span class='ocrx_word' id='word_1_138' title='bbox 68 1228 100 1252; x_wconf 86' lang='lat' dir='ltr'><strong>c.</strong></span> <span class='ocrx_word' id='word_1_139' title='bbox 119 1228 212 1252; x_wconf 88' lang='lat' dir='ltr'><strong>XXX.</strong></span> <span class='ocrx_word' id='word_1_140' title='bbox 310 1215 644 1262; x_wconf 80' lang='lat' dir='ltr'><strong>atque..magnifioo</strong></span> <span class='ocrx_word' id='word_1_141' title='bbox 653 1219 705 1250; x_wconf 86' lang='lat' dir='ltr'><strong>est</strong></span> <span class='ocrx_word' id='word_1_142' title='bbox 740 1228 773 1251; x_wconf 79' lang='lat' dir='ltr'><strong>R.</strong></span> <span class='ocrx_word' id='word_1_143' title='bbox 833 1217 942 1251; x_wconf 85' lang='lat' dir='ltr'><strong>These</strong></span> <span class='ocrx_word' id='word_1_144' title='bbox 950 1217 1076 1251; x_wconf 85' lang='lat' dir='ltr'><strong>words</strong></span> <span class='ocrx_word' id='word_1_145' title='bbox 1068 1230 1104 1250; x_wconf 85' lang='grc'><strong>111</strong></span> <span class='ocrx_word' id='word_1_146' title='bbox 1114 1216 1282 1251; x_wconf 81' lang='lat' dir='ltr'><strong>brackets.</strong></span> <span class='ocrx_word' id='word_1_147' title='bbox 1288 1211 1290 1244; x_wconf 74' lang='lat' dir='ltr'><strong>l</strong></span> 
     </span>
     <span class='ocr_line' id='line_1_28' title="bbox 68 1267 1290 1317; baseline -0.002 -18"><span class='ocrx_word' id='word_1_148' title='bbox 68 1275 99 1299; x_wconf 91' lang='lat' dir='ltr'><strong>c.</strong></span> <span class='ocrx_word' id='word_1_149' title='bbox 119 1275 262 1299; x_wconf 84' lang='lat' dir='ltr'><strong>XXXIII.</strong></span> <span class='ocrx_word' id='word_1_150' title='bbox 311 1267 352 1298; x_wconf 85' lang='lat' dir='ltr'><strong>ut</strong></span> <span class='ocrx_word' id='word_1_151' title='bbox 741 1275 774 1298; x_wconf 82' lang='lat' dir='ltr'><strong>R.</strong></span> <span class='ocrx_word' id='word_1_152' title='bbox 834 1267 940 1317; x_wconf 82' lang='lat' dir='ltr'><strong>utque</strong></span> <span class='ocrx_word' id='word_1_153' title='bbox 1288 1267 1290 1284; x_wconf 68' lang='lat'><em>²</em></span> 
     </span>
     <span class='ocr_line' id='line_1_29' title="bbox 68 1310 1153 1352; baseline -0.001 -6"><span class='ocrx_word' id='word_1_154' title='bbox 68 1322 99 1346; x_wconf 92' lang='lat' dir='ltr'><strong>c.</strong></span> <span class='ocrx_word' id='word_1_155' title='bbox 118 1322 254 1346; x_wconf 85' lang='lat' dir='ltr'><strong>XXXIV.</strong></span> <span class='ocrx_word' id='word_1_156' title='bbox 309 1310 518 1345; x_wconf 85' lang='lat' dir='ltr'><strong>novissimae</strong></span> <span class='ocrx_word' id='word_1_157' title='bbox 530 1322 584 1344; x_wconf 88' lang='lat' dir='ltr'><strong>res</strong></span> <span class='ocrx_word' id='word_1_158' title='bbox 599 1311 633 1344; x_wconf 87' lang='lat' dir='ltr'><strong>et</strong></span> <span class='ocrx_word' id='word_1_159' title='bbox 644 1310 703 1345; x_wconf 63' lang='lat' dir='ltr'><strong>&amp;a</strong></span> <span class='ocrx_word' id='word_1_160' title='bbox 740 1322 774 1345; x_wconf 81' lang='lat' dir='ltr'><strong>R.</strong></span> <span class='ocrx_word' id='word_1_161' title='bbox 832 1310 1024 1352; x_wconf 83' lang='lat' dir='ltr'><strong>novissimi,</strong></span> <span class='ocrx_word' id='word_1_162' title='bbox 1042 1313 1077 1345; x_wconf 84' lang='lat' dir='ltr'><strong>et</strong></span> <span class='ocrx_word' id='word_1_163' title='bbox 1094 1311 1153 1345; x_wconf 63' lang='grc'><strong>810.</strong></span> 
     </span>
     <span class='ocr_line' id='line_1_30' title="bbox 68 1357 947 1394; baseline -0.002 0"><span class='ocrx_word' id='word_1_164' title='bbox 68 1369 100 1394; x_wconf 80' lang='grc' dir='ltr'><strong>ο.</strong></span> <span class='ocrx_word' id='word_1_165' title='bbox 118 1369 254 1393; x_wconf 85' lang='lat' dir='ltr'><strong>XXXVI.</strong></span> <span class='ocrx_word' id='word_1_166' title='bbox 310 1357 445 1392; x_wconf 81' lang='lat' dir='ltr'><strong>foedare</strong></span> <span class='ocrx_word' id='word_1_167' title='bbox 741 1369 774 1392; x_wconf 80' lang='grc' dir='ltr'><strong>Β.</strong></span> <span class='ocrx_word' id='word_1_168' title='bbox 833 1357 947 1392; x_wconf 87' lang='lat' dir='ltr'><strong>fodere</strong></span> 
     </span>
     <span class='ocr_line' id='line_1_31' title="bbox 311 1404 1293 1449; baseline 0 -11"><span class='ocrx_word' id='word_1_169' title='bbox 311 1404 471 1439; x_wconf 85' lang='lat' dir='ltr'><strong>connisae</strong></span> <span class='ocrx_word' id='word_1_170' title='bbox 741 1416 774 1439; x_wconf 81' lang='lat' dir='ltr'><strong>R.</strong></span> <span class='ocrx_word' id='word_1_171' title='bbox 833 1405 999 1439; x_wconf 85' lang='lat' dir='ltr'><strong>connixae</strong></span> <span class='ocrx_word' id='word_1_172' title='bbox 1290 1424 1293 1449; x_wconf 74' lang='lat'><em>2</em></span> 
     </span>
     <span class='ocr_line' id='line_1_32' title="bbox 237 1449 1293 1504; baseline -0.002 -19"><span class='ocrx_word' id='word_1_173' title='bbox 237 1476 264 1491; x_wconf 52' lang='lat' dir='ltr'><em>z</em></span> <span class='ocrx_word' id='word_1_174' title='bbox 309 1452 430 1504; x_wconf 75' lang='lat' dir='ltr'><strong>fugere</strong></span> <span class='ocrx_word' id='word_1_175' title='bbox 447 1449 614 1485; x_wconf 79' lang='lat' dir='ltr'><strong>covinarii</strong></span> <span class='ocrx_word' id='word_1_176' title='bbox 741 1463 774 1486; x_wconf 83' lang='lat' dir='ltr'><strong>R.</strong></span> <span class='ocrx_word' id='word_1_177' title='bbox 833 1451 1061 1486; x_wconf 82' lang='lat' dir='ltr'><strong>Thesewords</strong></span> <span class='ocrx_word' id='word_1_178' title='bbox 1073 1449 1293 1485; x_wconf 65' lang='lat' dir='ltr'><strong>inbrackets.÷</strong></span> 
     </span>
     <span class='ocr_line' id='line_1_33' title="bbox 290 1496 1262 1544; baseline -0.002 -12"><span class='ocrx_word' id='word_1_179' title='bbox 290 1498 522 1544; x_wconf 59' lang='lat' dir='ltr'><strong>‘minimeque</strong></span> <span class='ocrx_word' id='word_1_180' title='bbox 536 1496 706 1543; x_wconf 83' lang='lat' dir='ltr'><strong>equestris</strong></span> <span class='ocrx_word' id='word_1_181' title='bbox 741 1510 774 1533; x_wconf 80' lang='lat' dir='ltr'><strong>R.</strong></span> <span class='ocrx_word' id='word_1_182' title='bbox 833 1497 1046 1544; x_wconf 81' lang='lat' dir='ltr'><strong>minimeque</strong></span> <span class='ocrx_word' id='word_1_183' title='bbox 1092 1497 1262 1543; x_wconf 80' lang='lat' dir='ltr'><strong>equestris</strong></span> 
     </span>
     <span class='ocr_line' id='line_1_34' title="bbox 379 1545 976 1590; baseline -0.002 -10"><span class='ocrx_word' id='word_1_184' title='bbox 379 1557 419 1580; x_wconf 88' lang='lat' dir='ltr'><strong>ea</strong></span> <span class='ocrx_word' id='word_1_185' title='bbox 900 1545 976 1590; x_wconf 84' lang='lat' dir='ltr'><strong>jam</strong></span> 
     </span>
     <span class='ocr_line' id='line_1_35' title="bbox 310 1591 1287 1637; baseline -0.002 -11"><span class='ocrx_word' id='word_1_186' title='bbox 310 1604 389 1626; x_wconf 90' lang='lat' dir='ltr'><strong>cum</strong></span> <span class='ocrx_word' id='word_1_187' title='bbox 395 1604 496 1637; x_wconf 85' lang='lat' dir='ltr'><strong>aegre</strong></span> <span class='ocrx_word' id='word_1_188' title='bbox 503 1591 563 1625; x_wconf 85' lang='lat' dir='ltr'><strong>diu</strong></span> <span class='ocrx_word' id='word_1_189' title='bbox 574 1593 705 1626; x_wconf 83' lang='lat' dir='ltr'><strong>stantes</strong></span> <span class='ocrx_word' id='word_1_190' title='bbox 742 1603 776 1627; x_wconf 75' lang='lat' dir='ltr'><strong>R.</strong></span> <span class='ocrx_word' id='word_1_191' title='bbox 835 1605 914 1627; x_wconf 86' lang='lat' dir='ltr'><strong>cum</strong></span> <span class='ocrx_word' id='word_1_192' title='bbox 927 1604 944 1626; x_wconf 90' lang='lat' dir='ltr'><strong>e</strong></span> <span class='ocrx_word' id='word_1_193' title='bbox 958 1591 1069 1637; x_wconf 85' lang='lat' dir='ltr'><strong>gradu</strong></span> <span class='ocrx_word' id='word_1_194' title='bbox 1080 1593 1142 1626; x_wconf 81' lang='lat' dir='ltr'><strong>aut</strong></span> <span class='ocrx_word' id='word_1_195' title='bbox 1154 1592 1287 1625; x_wconf 83' lang='lat' dir='ltr'><strong>stantes</strong></span> 
     </span>
     <span class='ocr_line' id='line_1_36' title="bbox 71 1641 1098 1676; baseline -0.004 0"><span class='ocrx_word' id='word_1_196' title='bbox 71 1651 102 1676; x_wconf 82' lang='lat' dir='ltr'><strong>c.</strong></span> <span class='ocrx_word' id='word_1_197' title='bbox 121 1651 274 1676; x_wconf 90' lang='lat' dir='ltr'><strong>XXXVII.</strong></span> <span class='ocrx_word' id='word_1_198' title='bbox 310 1641 530 1674; x_wconf 82' lang='lat' dir='ltr'><strong>accurrerant</strong></span> <span class='ocrx_word' id='word_1_199' title='bbox 741 1651 775 1674; x_wconf 84' lang='grc' dir='ltr'><strong>Β.</strong></span> <span class='ocrx_word' id='word_1_200' title='bbox 835 1641 1098 1674; x_wconf 82' lang='lat' dir='ltr'><strong>accucurrerant</strong></span> 
     </span>
     <span class='ocr_line' id='line_1_37' title="bbox 309 1684 1294 1731; baseline -0.003 -10"><span class='ocrx_word' id='word_1_201' title='bbox 309 1686 452 1726; x_wconf 86' lang='lat' dir='ltr'><strong>collecti,</strong></span> <span class='ocrx_word' id='word_1_202' title='bbox 482 1685 612 1731; x_wconf 87' lang='lat' dir='ltr'><strong>primos</strong></span> <span class='ocrx_word' id='word_1_203' title='bbox 646 1697 694 1719; x_wconf 89' lang='lat' dir='ltr'><strong>se·</strong></span> <span class='ocrx_word' id='word_1_204' title='bbox 742 1697 775 1721; x_wconf 82' lang='lat' dir='ltr'><strong>R.</strong></span> <span class='ocrx_word' id='word_1_205' title='bbox 834 1686 916 1720; x_wconf 84' lang='lat' dir='ltr'><strong>inde</strong></span> <span class='ocrx_word' id='word_1_206' title='bbox 957 1685 1088 1731; x_wconf 85' lang='lat' dir='ltr'><strong>primos</strong></span> <span class='ocrx_word' id='word_1_207' title='bbox 1129 1696 1272 1730; x_wconf 82' lang='lat' dir='ltr'><strong>sequen·</strong></span> <span class='ocrx_word' id='word_1_208' title='bbox 1291 1684 1294 1728; x_wconf 82' lang='lat'><em>⁴</em></span> 
     </span>
     <span class='ocr_line' id='line_1_38' title="bbox 380 1731 1293 1778; baseline -0.002 -11"><span class='ocrx_word' id='word_1_209' title='bbox 380 1733 574 1778; x_wconf 88' lang='lat' dir='ltr'><strong>quentium,</strong></span> <span class='ocrx_word' id='word_1_210' title='bbox 582 1732 696 1766; x_wconf 76' lang='grc'><strong>1110311-</strong></span> <span class='ocrx_word' id='word_1_211' title='bbox 903 1732 1006 1773; x_wconf 87' lang='lat' dir='ltr'><strong>tium,</strong></span> <span class='ocrx_word' id='word_1_212' title='bbox 1024 1732 1181 1766; x_wconf 85' lang='lat' dir='ltr'><strong>incautos</strong></span> <span class='ocrx_word' id='word_1_213' title='bbox 1205 1731 1270 1766; x_wconf 90' lang='lat' dir='ltr'><strong>col·</strong></span> <span class='ocrx_word' id='word_1_214' title='bbox 1292 1737 1293 1772; x_wconf 55' lang='grc' dir='ltr'>ᾖ</span> 
     </span>
     <span class='ocr_line' id='line_1_39' title="bbox 380 1779 1113 1815; baseline 0 -1"><span class='ocrx_word' id='word_1_215' title='bbox 380 1783 435 1814; x_wconf 89' lang='lat' dir='ltr'><strong>tos</strong></span> <span class='ocrx_word' id='word_1_216' title='bbox 454 1780 514 1815; x_wconf 82' lang='lat' dir='ltr'><strong>&amp;c.</strong></span> <span class='ocrx_word' id='word_1_217' title='bbox 903 1779 984 1814; x_wconf 85' lang='lat' dir='ltr'><strong>lecti</strong></span> <span class='ocrx_word' id='word_1_218' title='bbox 1001 1782 1036 1814; x_wconf 83' lang='lat' dir='ltr'><strong>et</strong></span> <span class='ocrx_word' id='word_1_219' title='bbox 1054 1780 1113 1814; x_wconf 64' lang='lat' dir='ltr'><strong>&amp;c</strong></span> 
     </span>
     <span class='ocr_line' id='line_1_40' title="bbox 67 1826 1069 1863; baseline -0.003 0"><span class='ocrx_word' id='word_1_220' title='bbox 67 1839 99 1863; x_wconf 90' lang='lat' dir='ltr'><strong>c.</strong></span> <span class='ocrx_word' id='word_1_221' title='bbox 118 1839 196 1863; x_wconf 89' lang='lat' dir='ltr'><strong>XLI.</strong></span> <span class='ocrx_word' id='word_1_222' title='bbox 310 1839 431 1862; x_wconf 86' lang='lat' dir='ltr'><strong>eorum</strong></span> <span class='ocrx_word' id='word_1_223' title='bbox 741 1838 775 1862; x_wconf 83' lang='lat' dir='ltr'><strong>R.</strong></span> <span class='ocrx_word' id='word_1_224' title='bbox 835 1839 954 1861; x_wconf 89' lang='lat' dir='ltr'><strong>eorum</strong></span> <span class='ocrx_word' id='word_1_225' title='bbox 970 1826 992 1849; x_wconf 41' lang='grc' dir='ltr'><strong>ἧς</strong></span> <span class='ocrx_word' id='word_1_226' title='bbox 1008 1826 1030 1849; x_wconf 64' lang='grc'><strong>*</strong></span> <span class='ocrx_word' id='word_1_227' title='bbox 1047 1826 1069 1848; x_wconf 71' lang='lat'><strong>²³¹²</strong></span> 
     </span>
     <span class='ocr_line' id='line_1_41' title="bbox 67 1870 1271 1920; baseline -0.004 -10"><span class='ocrx_word' id='word_1_228' title='bbox 67 1886 100 1911; x_wconf 92' lang='lat' dir='ltr'><strong>c.</strong></span> <span class='ocrx_word' id='word_1_229' title='bbox 118 1886 231 1910; x_wconf 83' lang='lat' dir='ltr'><strong>XLIII.</strong></span> <span class='ocrx_word' id='word_1_230' title='bbox 309 1873 478 1920; x_wconf 82' lang='lat' dir='ltr'><strong>comperti</strong></span> <span class='ocrx_word' id='word_1_231' title='bbox 495 1872 676 1908; x_wconf 86' lang='lat' dir='ltr'><strong>adfirmare</strong></span> <span class='ocrx_word' id='word_1_232' title='bbox 741 1885 774 1909; x_wconf 83' lang='lat' dir='ltr'><strong>B.</strong></span> <span class='ocrx_word' id='word_1_233' title='bbox 835 1873 1002 1918; x_wconf 85' lang='lat' dir='ltr'><strong>comperti</strong></span> <span class='ocrx_word' id='word_1_234' title='bbox 1038 1872 1170 1918; x_wconf 88' lang='lat' dir='ltr'><strong>quodve</strong></span> <span class='ocrx_word' id='word_1_235' title='bbox 1214 1870 1271 1906; x_wconf 87' lang='lat' dir='ltr'><strong>ad-</strong></span> 
     </span>
     <span class='ocr_line' id='line_1_42' title="bbox 905 1920 1119 1955; baseline -0.005 -1"><span class='ocrx_word' id='word_1_236' title='bbox 905 1920 1042 1955; x_wconf 84' lang='lat' dir='ltr'><strong>firmare</strong></span> <span class='ocrx_word' id='word_1_237' title='bbox 1060 1921 1119 1955; x_wconf 81' lang='lat' dir='ltr'><strong>&amp;c.</strong></span> 
     </span>
     <span class='ocr_line' id='line_1_43' title="bbox 68 1967 939 2014; baseline -0.003 -9"><span class='ocrx_word' id='word_1_238' title='bbox 68 1979 100 2004; x_wconf 89' lang='lat' dir='ltr'><strong>c.</strong></span> <span class='ocrx_word' id='word_1_239' title='bbox 119 1979 224 2004; x_wconf 88' lang='lat' dir='ltr'><strong>XLIV.</strong></span> <span class='ocrx_word' id='word_1_240' title='bbox 311 1970 435 2014; x_wconf 85' lang='lat' dir='ltr'><strong>quarto</strong></span> <span class='ocrx_word' id='word_1_241' title='bbox 742 1978 775 2002; x_wconf 78' lang='lat' dir='ltr'><strong>R.</strong></span> <span class='ocrx_word' id='word_1_242' title='bbox 834 1967 939 2002; x_wconf 85' lang='lat' dir='ltr'><strong>tertio</strong></span> 
     </span>
     <span class='ocr_line' id='line_1_44' title="bbox 311 2014 1012 2062; baseline -0.003 -12"><span class='ocrx_word' id='word_1_243' title='bbox 311 2015 403 2062; x_wconf 91' lang='lat' dir='ltr'><strong>quod</strong></span> <span class='ocrx_word' id='word_1_244' title='bbox 742 2025 774 2049; x_wconf 79' lang='lat' dir='ltr'><strong>R.</strong></span> <span class='ocrx_word' id='word_1_245' title='bbox 835 2014 1012 2060; x_wconf 85' lang='lat' dir='ltr'><strong>quondam</strong></span> 
     </span>
     <span class='ocr_line' id='line_1_45' title="bbox 67 2060 1040 2098; baseline -0.003 0"><span class='ocrx_word' id='word_1_246' title='bbox 67 2073 99 2098; x_wconf 86' lang='lat' dir='ltr'><strong>c.</strong></span> <span class='ocrx_word' id='word_1_247' title='bbox 118 2073 204 2098; x_wconf 88' lang='lat' dir='ltr'><strong>XLV.</strong></span> <span class='ocrx_word' id='word_1_248' title='bbox 311 2061 486 2097; x_wconf 85' lang='lat' dir='ltr'><strong>sententia</strong></span> <span class='ocrx_word' id='word_1_249' title='bbox 740 2072 774 2096; x_wconf 77' lang='grc' dir='ltr'><strong>Β.</strong></span> <span class='ocrx_word' id='word_1_250' title='bbox 836 2061 1008 2096; x_wconf 84' lang='lat' dir='ltr'><strong>sententia</strong></span> <span class='ocrx_word' id='word_1_251' title='bbox 1018 2060 1040 2083; x_wconf 69' lang='lat'><strong>²¹²</strong></span> 
     </span>
     <span class='ocr_line' id='line_1_46' title="bbox 67 2108 1024 2154; baseline -0.003 -9"><span class='ocrx_word' id='word_1_252' title='bbox 67 2120 100 2145; x_wconf 89' lang='lat' dir='ltr'><strong>c.</strong></span> <span class='ocrx_word' id='word_1_253' title='bbox 118 2121 223 2145; x_wconf 89' lang='lat' dir='ltr'><strong>XLVI.</strong></span> <span class='ocrx_word' id='word_1_254' title='bbox 311 2109 527 2154; x_wconf 81' lang='lat' dir='ltr'><strong>formamque</strong></span> <span class='ocrx_word' id='word_1_255' title='bbox 741 2119 774 2143; x_wconf 82' lang='lat' dir='ltr'><strong>R.</strong></span> <span class='ocrx_word' id='word_1_256' title='bbox 835 2108 1024 2153; x_wconf 85' lang='lat' dir='ltr'><strong>faciemque</strong></span> 
     </span>
    </p>
   </div>
  </div>
 </body>
</html>
